<?xml version="1.0" encoding="UTF-8"?><collection xmlns="http://www.loc.gov/MARC21/slim"><record><leader>00374nam--2200133-i-4500</leader><controlfield tag="001">000015438</controlfield><controlfield tag="002">20161230</controlfield><controlfield tag="005">20161230201031</controlfield><controlfield tag="008">060222s1000------------r-----000-0-eng-d</controlfield><datafield ind1=" " ind2=" " tag="080"><subfield code="a">32:621.039.9</subfield></datafield><datafield ind1=" " ind2=" " tag="100"><subfield code="a">Blix, Hans</subfield></datafield><datafield ind1=" " ind2=" " tag="245"><subfield code="a">International co-operation in the utillization of nuclear energy and the role of the iaea</subfield></datafield><datafield ind1=" " ind2=" " tag="260"><subfield code="a">Vienna, Iaea, 1985. 21 P</subfield></datafield><datafield ind1=" " ind2=" " tag="852"><subfield code="a">72629</subfield></datafield></record></collection>